<record><leader>00000cas a22000007a 4500</leader><controlfield tag="001">11331271</controlfield><controlfield tag="008">841031d187u1886gauwr ne      0    0eng d</controlfield><datafield ind1=" " ind2=" " tag="010"><subfield code="a">sn 84024804 </subfield></datafield><datafield ind1=" " ind2=" " tag="040"><subfield code="a">NPV</subfield><subfield code="b">eng</subfield><subfield code="c">NPV</subfield><subfield code="d">NPX</subfield><subfield code="d">NLG</subfield><subfield code="d">OCLCQ</subfield><subfield code="d">GUA</subfield><subfield code="d">OCLCQ</subfield><subfield code="d">OCLCF</subfield><subfield code="d">OCLCO</subfield><subfield code="d">OCLCA</subfield></datafield><datafield ind1="1" ind2=" " tag="029"><subfield code="a">AU@</subfield><subfield code="b">000026353799</subfield></datafield><datafield ind1=" " ind2=" " tag="042"><subfield code="a">msc</subfield></datafield><datafield ind1=" " ind2=" " tag="043"><subfield code="a">n-us-ga</subfield></datafield><datafield ind1="0" ind2=" " tag="130"><subfield code="a">Columbus weekly enquirer (Columbus, Ga. : 1876)</subfield></datafield><datafield ind1="1" ind2="0" tag="245"><subfield code="a">Columbus weekly enquirer.</subfield></datafield><datafield ind1="1" ind2="3" tag="246"><subfield code="a">Enquirer-sun</subfield></datafield><datafield ind1="1" ind2="3" tag="246"><subfield code="a">Weekly enquirer</subfield></datafield><datafield ind1="1" ind2="7" tag="246"><subfield code="a">Columbus weekly enquirer-sun</subfield><subfield code="f">&lt;1876-1878&gt;</subfield></datafield><datafield ind1="1" ind2="7" tag="246"><subfield code="a">Weekly enquirer-sun</subfield><subfield code="f">&lt;1884-1886&gt;</subfield></datafield><datafield ind1=" " ind2=" " tag="260"><subfield code="a">Columbus, Ga. :</subfield><subfield code="b">[s.n.,</subfield><subfield code="c">-1886]</subfield></datafield><datafield ind1=" " ind2=" " tag="300"><subfield code="a">v. :</subfield><subfield code="b">ill. (chiefly adv.)</subfield></datafield><datafield ind1=" " ind2=" " tag="310"><subfield code="a">Weekly</subfield></datafield><datafield ind1="0" ind2=" " tag="362"><subfield code="a">-v. 63, no. 181 (May 3, 1886).</subfield></datafield><datafield ind1=" " ind2=" " tag="580"><subfield code="a">Published concurrently with: Columbus daily enquirer (Columbus, Ga. : 1874), 1874-1877; and with: Columbus daily enquirer-sun (Columbus, Ga. : 1877), 1877-1886.</subfield></datafield><datafield ind1=" " ind2=" " tag="588"><subfield code="a">Description based on: Vol. 48, no. 40 (Oct. 3, 1876).</subfield></datafield><datafield ind1=" " ind2="0" tag="651"><subfield code="a">Columbus (Ga.)</subfield><subfield code="v">Newspapers.</subfield></datafield><datafield ind1=" " ind2="0" tag="651"><subfield code="a">Muscogee County (Ga.)</subfield><subfield code="v">Newspapers.</subfield></datafield><datafield ind1=" " ind2="7" tag="655"><subfield code="a">Newspapers.</subfield><subfield code="2">fast</subfield><subfield code="0">(OCoLC)fst01423814</subfield></datafield><datafield ind1=" " ind2="7" tag="651"><subfield code="a">Georgia</subfield><subfield code="z">Columbus.</subfield><subfield code="2">fast</subfield><subfield code="0">(OCoLC)fst01214575</subfield></datafield><datafield ind1=" " ind2="7" tag="651"><subfield code="a">Georgia</subfield><subfield code="z">Muscogee County.</subfield><subfield code="2">fast</subfield><subfield code="0">(OCoLC)fst01216552</subfield></datafield><datafield ind1=" " ind2=" " tag="752"><subfield code="a">United States</subfield><subfield code="b">Georgia</subfield><subfield code="c">Muscogee</subfield><subfield code="d">Columbus.</subfield></datafield><datafield ind1="1" ind2=" " tag="775"><subfield code="t">Columbus daily enquirer (Columbus, Ga. : 1874)</subfield><subfield code="w">(DLC)sn 84024797</subfield><subfield code="w">(OCoLC)11294644</subfield></datafield><datafield ind1="1" ind2=" " tag="775"><subfield code="t">Columbus daily enquirer-sun (Columbus, Ga. : 1877)</subfield><subfield code="w">(DLC)sn 84024798</subfield><subfield code="w">(OCoLC)11294730</subfield></datafield><datafield ind1="0" ind2="0" tag="780"><subfield code="t">Columbus enquirer-sun (Columbus, Ga. : Weekly)</subfield></datafield><datafield ind1="0" ind2="0" tag="785"><subfield code="t">Columbus enquirer (Columbus, Ga. : Weekly : 1886)</subfield><subfield code="w">(DLC)sn 84024805</subfield><subfield code="w">(OCoLC)11331301</subfield></datafield></record>